@book{architektur,
  title={Architektur-und Entwurfsmuster der Softwaretechnik},
  author={Goll, Joachim and Dausmann, Manfred},
  year={2013},
  publisher={Springer}
}

@book{hansen2019wirtschaftsinformatik,
	title={Wirtschaftsinformatik},
	author={Hansen, Hans Robert and Mendling, Jan and Neumann, Gustaf},
	year={2019},
	publisher={Walter de Gruyter GmbH \& Co KG}
}